@misc{maiorca_giacinto_corona_1970,
  title     = {A pattern recognition system for malicious PDF files detection},
  url       = {https://link.springer.com/chapter/10.1007/978-3-642-31537-4_40},
  journal   = {SpringerLink},
  publisher = {Springer Berlin Heidelberg},
  author    = {Maiorca, Davide and Giacinto, Giorgio and Corona, Igino},
  year      = {1970},
  month     = {Jan}
} 

 @article{scikit-learn,
  title   = {Scikit-learn: Machine Learning in {P}ython},
  author  = {Pedregosa, F. and Varoquaux, G. and Gramfort, A. and Michel, V.
             and Thirion, B. and Grisel, O. and Blondel, M. and Prettenhofer, P.
             and Weiss, R. and Dubourg, V. and Vanderplas, J. and Passos, A. and
             Cournapeau, D. and Brucher, M. and Perrot, M. and Duchesnay, E.},
  journal = {Journal of Machine Learning Research},
  volume  = {12},
  pages   = {2825--2830},
  year    = {2011}
}

 @article{cuan_damien_delaplace_valois_2018,
  title   = {Malware detection in PDF files using Machine Learning},
  doi     = {10.5220/0006884705780585},
  journal = {Proceedings of the 15th International Joint Conference on e-Business and Telecommunications},
  author  = {Cuan, Bonan and Damien, Aliénor and Delaplace, Claire and Valois, Mathieu},
  year    = {2018}
} 

 @article{li_liu_yan_yang_2022,
  title   = {Kernel-based adversarial attacks and defenses on support vector classification},
  volume  = {8},
  doi     = {10.1016/j.dcan.2021.12.003},
  number  = {4},
  journal = {Digital Communications and Networks},
  author  = {Li, Wanman and Liu, Xiaozhang and Yan, Anli and Yang, Jie},
  year    = {2022},
  pages   = {492–497}
} 

 @misc{Contagio,
  title        = {Contagio Dataset},
  howpublished = {\url{http://contagiodump.blogspot.com/}},
  note         = {Accessed: 2022-01-16}
}

@misc{PDFId,
  title        = {Stevens, D.: PDF tools},
  howpublished = {\url{https://blog.didierstevens.com/programs/pdf-tools/}},
  note         = {Accessed: 2022-01-16}
}